<?xml version="1.0" encoding="UTF-8"?>
<collection xmlns:xsi="http://www.w3.org/2001/XMLSchema-instance" xsi:schemaLocation="http://www.loc.gov/MARC21/slim http://www.loc.gov/standards/marcxml/schema/MARC21slim.xsd" xmlns="http://www.loc.gov/MARC21/slim">
<record>
  <leader>02076cam a2200385Ia 4500</leader>
  <controlfield tag="001">3368115</controlfield>
  <controlfield tag="003">NNC</controlfield>
  <controlfield tag="005">20160718165012.0</controlfield>
  <controlfield tag="008">981105s1948    ua            000 0 ara d</controlfield>
  <datafield tag="035" ind1=" " ind2=" ">
    <subfield code="a">(OCoLC)ocm40236477</subfield>
  </datafield>
  <datafield tag="035" ind1=" " ind2=" ">
    <subfield code="a">(OCoLC)40236477</subfield>
  </datafield>
  <datafield tag="035" ind1=" " ind2=" ">
    <subfield code="a">(NNC)3368115</subfield>
  </datafield>
  <datafield tag="040" ind1=" " ind2=" ">
    <subfield code="a">EUX</subfield>
    <subfield code="b">eng</subfield>
    <subfield code="c">EUX</subfield>
    <subfield code="d">OCL</subfield>
    <subfield code="d">TEF</subfield>
    <subfield code="d">OCLCF</subfield>
    <subfield code="d">OCLCQ</subfield>
  </datafield>
  <datafield tag="050" ind1=" " ind2="4">
    <subfield code="a">BL75</subfield>
    <subfield code="b">.S5 1948</subfield>
  </datafield>
  <datafield tag="100" ind1="1" ind2=" ">
    <subfield code="6">880-01</subfield>
    <subfield code="a">Shahrastānī, Muḥammad ibn ʻAbd al-Karīm,</subfield>
    <subfield code="d">1086?-1153.</subfield>
  </datafield>
  <datafield tag="245" ind1="1" ind2="3">
    <subfield code="6">880-02</subfield>
    <subfield code="a">al-Milal wa al-niḥal /</subfield>
    <subfield code="c">li-Abī al-Fataḥ Muḥammad ibn ʻAbd al-Karīm al-Shahristānī ; ṣaḥḥaḥhu wa ʻallaq ʻalayhi Aḥmad Fahmī Muḥammad.</subfield>
  </datafield>
  <datafield tag="260" ind1=" " ind2=" ">
    <subfield code="6">880-03</subfield>
    <subfield code="a">al-Qāhirah :</subfield>
    <subfield code="b">Maktabat al-Ḥusayn al-Tijārīyah,</subfield>
    <subfield code="c">1948.</subfield>
  </datafield>
  <datafield tag="300" ind1=" " ind2=" ">
    <subfield code="6">880-04</subfield>
    <subfield code="a">3 volumes ;</subfield>
    <subfield code="c">25 cm</subfield>
  </datafield>
  <datafield tag="336" ind1=" " ind2=" ">
    <subfield code="a">text</subfield>
    <subfield code="b">txt</subfield>
    <subfield code="2">rdacontent</subfield>
  </datafield>
  <datafield tag="337" ind1=" " ind2=" ">
    <subfield code="a">unmediated</subfield>
    <subfield code="b">n</subfield>
    <subfield code="2">rdamedia</subfield>
  </datafield>
  <datafield tag="650" ind1=" " ind2="0">
    <subfield code="a">Religions</subfield>
    <subfield code="v">Early works to 1800.</subfield>
  </datafield>
  <datafield tag="650" ind1=" " ind2="0">
    <subfield code="a">Philosophy, Ancient</subfield>
    <subfield code="v">Early works to 1800.</subfield>
  </datafield>
  <datafield tag="650" ind1=" " ind2="7">
    <subfield code="a">Philosophy, Ancient.</subfield>
    <subfield code="2">fast</subfield>
    <subfield code="0">(OCoLC)fst01060860</subfield>
  </datafield>
  <datafield tag="650" ind1=" " ind2="7">
    <subfield code="a">Religions.</subfield>
    <subfield code="2">fast</subfield>
    <subfield code="0">(OCoLC)fst01093898</subfield>
  </datafield>
  <datafield tag="655" ind1=" " ind2="7">
    <subfield code="a">Early works.</subfield>
    <subfield code="2">fast</subfield>
    <subfield code="0">(OCoLC)fst01411636</subfield>
  </datafield>
  <datafield tag="700" ind1="1" ind2=" ">
    <subfield code="6">880-05</subfield>
    <subfield code="a">Muḥammad, Aḥmad Fahmī.</subfield>
  </datafield>
  <datafield tag="776" ind1="0" ind2="8">
    <subfield code="i">Online version:</subfield>
    <subfield code="a">Shahrastānī, Muḥammad ibn ʻAbd al-Karīm, 1086?-1153.</subfield>
    <subfield code="t">Milal wa al-niḥal.</subfield>
    <subfield code="d">al-Qāhirah : Maktabat al-Ḥusayn al-Tijārīyah, 1948</subfield>
    <subfield code="w">(OCoLC)555616941</subfield>
  </datafield>
  <datafield tag="776" ind1="0" ind2="8">
    <subfield code="i">Online version:</subfield>
    <subfield code="a">Shahrastānī, Muḥammad ibn ʻAbd al-Karīm, 1086?-1153.</subfield>
    <subfield code="t">Milal wa al-niḥal.</subfield>
    <subfield code="d">al-Qāhirah : Maktabat al-Ḥusayn al-Tijārīyah, 1948</subfield>
    <subfield code="w">(OCoLC)631713738</subfield>
  </datafield>
  <datafield tag="880" ind1="1" ind2=" ">
    <subfield code="6">100-01/r</subfield>
    <subfield code="a">شهرستاني، محمد بن عبد الكريم،,</subfield>
    <subfield code="d">1086?-1153.</subfield>
  </datafield>
  <datafield tag="880" ind1="1" ind2="2">
    <subfield code="6">245-02/r</subfield>
    <subfield code="a">الملل و النحل /</subfield>
    <subfield code="c">لأبي الفتح محمد بن عبد الكريم الشهرستاني ؛ صححه و علق عليه أحمد فهمي محمد.</subfield>
  </datafield>
  <datafield tag="880" ind1=" " ind2=" ">
    <subfield code="6">250-00/r</subfield>
    <subfield code="a">الطبعة 1.</subfield>
  </datafield>
  <datafield tag="880" ind1=" " ind2=" ">
    <subfield code="6">260-03/r</subfield>
    <subfield code="a">القاهرة :</subfield>
    <subfield code="b">مكتبة الحسين التجارية،</subfield>
    <subfield code="c">1948.</subfield>
  </datafield>
  <datafield tag="880" ind1=" " ind2=" ">
    <subfield code="6">300-04/r</subfield>
    <subfield code="a">3 مج. ؛</subfield>
    <subfield code="c">25 سم.</subfield>
  </datafield>
  <datafield tag="880" ind1="1" ind2=" ">
    <subfield code="6">700-05/r</subfield>
    <subfield code="a">محمد، أحمد فهمي.</subfield>
  </datafield>
  <datafield tag="955" ind1=" " ind2=" ">
    <subfield code="b">0045299013</subfield>
    <subfield code="d">glx</subfield>
    <subfield code="e">893.7Sh1 O3</subfield>
    <subfield code="v">v.1-2</subfield>
  </datafield>
</record>
</collection>